
@book{MongoDB,
	author = {Kyle, B.},
	title = {MongoDB in Action},
	year = {2016},
	publisher = {Manning Publications Co.},
}


@mastersthesis{Raul2014,
	author = {Raul, H.},
	title = {Bases de datos NoSQL: Arquitectura y Ejemplos de Aplicacion },
	year = {2014},
	address  = {Universidad Carlos III, España},
	howpublished = {Recuperado de  {https://core.ac.uk/download/pdf/44310803.pdf}},
	note = {Accedido el 06-12-2019}
}


@misc{ecured,
	author = {ecured },
	title = {MongoDB},
	year = {},
	howpublished = {Recuperado de  {ecured.cu}},
	note = {Accedido el 09-12-2019}
}

@misc{BDnoSQLMongodb,
	author = {Acens},
	title = {Bases de datos NoSQL. Qué son y tipos que nos podemos encontrar},
	year = {2014},
	howpublished = {Recuperado de  {https://www.acens.com/wp-content/images/2014/02/bbdd-nosql-wp-acens.pdf}},
	note = {Accedido el 06-12-2019}
}